@article{DurrantWhyte2006SLAM,
    title={Simultaneous Localization and Mapping: Part I},
    author={Hugh Durrant-Whyte and Tim Bailey},
    journal={IEEE Robotics & Automation Magazine},
    volume={13},
    number={2},
    pages={99-110},
    year={2006},
    publisher={IEEE}
}

@article{Thrun2002SLAM,
    title={Robotic Mapping: A Survey},
    author={Sebastian Thrun},
    journal={Exploring Artificial Intelligence in the New Millennium},
    pages={1-35},
    year={2002},
    publisher={Science and Technology Books}
}

@inproceedings{Montemerlo2002FastSLAM,
    title={FastSLAM: A Factored Solution to the Simultaneous Localization and Mapping Problem},
    author={Michael Montemerlo and Sebastian Thrun and Daphne Koller and Ben Wegbreit},
    booktitle={AAAI/IAAI},
    pages={593-598},
    year={2002}
}

@article{He2016WiFi,
    title={Wi-Fi Fingerprint-Based Indoor Positioning: Recent Advances and Comparisons},
    author={Shen He and S. H. Gary Chan},
    journal={IEEE Communications Surveys & Tutorials},
    volume={18},
    number={1},
    pages={466-490},
    year={2016},
    publisher={IEEE}
}

@inproceedings{Rajagopal2014VisualSLAM,
    title={Visual SLAM and WiFi Fingerprinting for Indoor Localization: A Comparative Study},
    author={Naveen Rajagopal and Archan Misra and Rajesh Krishna Balan},
    booktitle={2014 International Conference on Indoor Positioning and Indoor Navigation (IPIN)},
    year={2014},
    organization={IEEE}
}